% This file was created with JabRef 2.10.
% Encoding: UTF8


@Article{Chen2009,
  Title                    = {Detection of QRS complexes using wavelet transformation and golden section search algorithm},
  Author                   = {W. Chen and Z. Mo and W. Guo},
  Journal                  = {Journal of Biomedical Engineering},
  Year                     = {2009},
  Pages                    = {748-751},

  File                     = {:C\:\\Users\\ILYA\\Downloads\\ISKE2007-Chen_Wenli.pdf:PDF},
  Owner                    = {ILYA},
  Timestamp                = {2014.06.13}
}

@PhdThesis{AtC12ECG_ET07,
  Title                    = {Adjuncts to the Conventional 12-Lead ECG},
  Author                   = {E.Tragardh},
  School                   = {Lund University},
  Year                     = {2007},

  File                     = {:[2007] Tragardh, Adjuncts to the Conventional 12-Lead ECG.pdf:PDF},
  Owner                    = {ILYA},
  Timestamp                = {2014.03.25}
}

@Article{DoTMI_A87,
  Title                    = {Detection of transient myocardial ischemia by computer analysis of standard and signal-averaged high-frequency electrocardiograms in patients undergoing percutaneous transluminal coronary angioplasty.},
  Author                   = {S Abboud; R J Cohen; A Selwyn; P Ganz; D Sadeh; P L Friedman},
  Journal                  = {Circulation},
  Year                     = {1987},

  File                     = {:[1987] Abboud - Detection of transient myocardial ischemia by computer analysis of standard and signal-averaged high-frequency electrocardiograms in patients undergoing percutaneous transluminal coronary angioplast.pdf:PDF},
  Owner                    = {ILYA},
  Timestamp                = {2014.03.26}
}

@Article{PhysioNet,
  Title                    = {{PhysioBank, PhysioToolkit, and PhysioNet}: Components of a New
 Research Resource for Complex Physiologic Signals},
  Author                   = {Goldberger, A. L. and Amaral, L. A. N. and Glass, L. and
 Hausdorff, J. M. and Ivanov, P. Ch. and Mark, R. G. and
 Mietus, J. E. and Moody, G. B. and Peng, C.-K. and Stanley, H. E.},
  Journal                  = {Circulation},
  Year                     = {2000 (June 13)},
  Number                   = {23},
  Pages                    = {e215--e220},
  Volume                   = {101}
}

@Article{EoMIoHFQRS_G81,
  Title                    = {Effect of myocardial infarction on high-frequency QRS potentials.},
  Author                   = {Goldberger, A L and Bhargava, V and Froelicher, V and Covell, J},
  Journal                  = {Circulation},
  Year                     = {1981},
  Number                   = {1},
  Pages                    = {34-42},
  Volume                   = {64},

  File                     = {:E\:\\Study\\6course\\NIR\\articles\\[1981] A.L.Goldberger\; Effect of myocardial infarction on high-frequency QRS potentials..pdf:PDF},
  ISSN                     = {0009-7322},
  Owner                    = {ILYA},
  Timestamp                = {2014.03.23}
}

@MastersThesis{ApplWTTWave04,
  Title                    = {Appliction of the Wavelet Transform Modulus Maxima method to T-wave detection in cardiac signals},
  Author                   = {Jouck, P.P.H.},
  School                   = {Maastricht University},
  Year                     = {2004},

  Owner                    = {ILYA},
  Timestamp                = {2014.06.16}
}

@Article{UHFECG_JP2013,
  Title                    = {Ultra-high-frequency ECG measurement},
  Author                   = {Jurak, P.; Halamek, J. ; Leinveber, P. ; Vondra, V. ; Soukup, L. ; Vesely, P. ; Sumbera, J. ; Zeman, K. ; Martinakova, L. ; Jurakova, T. ; Novak, M.},
  Journal                  = {Computing in Cardiology Conference (CinC)},
  Year                     = {2013},

  Month                    = {Sept.},
  Pages                    = {783 - 786},

  File                     = {Ultra-high-frequency ECG measurement:E\:\\Study\\6course\\NIR\\articles\\[2013] Jurak, P. Ultra-high-frequency ECG measurement.pdf:PDF},
  Owner                    = {ILYA},
  Timestamp                = {2014.03.19}
}

@Article{Kohler2002,
  Title                    = {The principles of software QRS detection},
  Author                   = {B.-U. Kohler and C. Hennig and R. Orglmeister},
  Journal                  = {Engineering in Medicine and Biology Magazine, IEEE},
  Year                     = {2002},

  Month                    = {Feb},
  Volume                   = {21},

  File                     = {:C\:\\Users\\ILYA\\Downloads\\The_Principles_of_QRS_Detection.pdf:PDF},
  Owner                    = {ILYA},
  Timestamp                = {2014.06.13}
}

@Article{FSiHFE-MI_L53,
  Title                    = {Further studies in high fidelity electrocardiography: myocardial infarction.},
  Author                   = {Langner, P H},
  Journal                  = {Circulation},
  Year                     = {1953},
  Number                   = {6},
  Pages                    = {905-13},
  Volume                   = {8},

  File                     = {:E\:\\Study\\6course\\NIR\\articles\\[1953] LANGNER- Further studies in high-fidelity electrocardiography. Myocardial infarctionCirculation.pdf:PDF},
  ISSN                     = {0009-7322},
  Owner                    = {ILYA},
  Pubmedid                 = {13106911},
  Timestamp                = {2014.03.25},
  Url                      = {http://www.biomedsearch.com/nih/Further-studies-in-high-fidelity/13106911.html}
}

@MastersThesis{ML4EBC_JMW10,
  Title                    = {Machine Learning for Patient-Adaptive Ectopic Beat Classifcation},
  Author                   = {Jenna Marleau Wiens},
  School                   = {Massachusetts Institute of Technology},
  Year                     = {2010},

  File                     = {:E\:\\Study\\6course\\NIR\\articles\\[2010] Jenna Marleau Wiens\; Machine Learning for Patient-Adaptive Ectopic Beat Classifcation.pdf:PDF},
  Owner                    = {ILYA},
  Timestamp                = {2014.04.06}
}

@Book{IBS06,
  Title                    = {Ишемическая болезнь сердца},
  Author                   = {Багрий},
  Publisher                = {Изд-во <<Все Виды Печати>>},
  Year                     = {2006},

  File                     = {:E\:\\Study\\6course\\NIR\\articles\\Medicine\\Ишемическая болезнь сердца. Современные подходы к лечению.djvu:Djvu},
  Owner                    = {ILYA},
  Timestamp                = {2014.06.16}
}

@Article{EIoA_GZ13,
  Title                    = {Экспериментальные исследования на животных с использованием ЭКГ сверхвысокого разрешения как этап создания методологии и инструментария функциональной электрокардиографии ишемии},
  Author                   = {Галагудза, М. М. and Зайченко, К. В.},
  Journal                  = {Биомедицинская радиоэлектроника},
  Year                     = {2013},
  Number                   = {9},

  Language                 = {russian},
  Owner                    = {ILYA},
  Timestamp                = {2014.06.13}
}

@Article{ECGSR13,
  Title                    = {Электрокардиография сверхвысокого разрешения. Задачи. Проблемы. Перспективы.},
  Author                   = {Гуляев, Ю.В. and Зайченко, К.В.},
  Journal                  = {Биомедицинская радиоэлектроника},
  Year                     = {2013},

  Owner                    = {ILYA},
  Timestamp                = {2014.06.16}
}

@Article{AnalogProcess_Z2009,
  Title                    = {Аналоговая обработка биоэлектрических сигналов со сверхвысоким разрешением},
  Author                   = {Зайченко, К.В. and Сергеев, Т.В.},
  Journal                  = {Известия высших учебных заведений России. Радиоэлектроника.},
  Year                     = {2009},

  File                     = {:E\:\\Study\\6course\\NIR\\Статья аналоговая обработка биоэлектрических сигналов.pdf:PDF},
  Owner                    = {ILYA},
  Timestamp                = {2014.06.13}
}

@Book{ECG_ABC03,
  Title                    = {Азбука ЭКГ},
  Author                   = {Зудбинов, Ю.И.},
  Publisher                = {Изд-во Феникс},
  Year                     = {2003},

  File                     = {:E\:\\Study\\6course\\NIR\\articles\\Medicine\\zydbinov_azbyka_ekg.pdf:PDF},
  Owner                    = {ILYA},
  Timestamp                = {2014.06.16}
}

@Book{BioModel2004,
  Title                    = {Основы биомоделирования},
  Author                   = {Каркищенко, Н.Н.},
  Publisher                = {Изд-во ВПК},
  Year                     = {2004},

  Owner                    = {ILYA},
  Timestamp                = {2014.06.13}
}

@Book{WaveExampl10,
  Title                    = {Вейвлет-анализ в примерах},
  Author                   = {Нагорнов, О.В. and Никитаев, В.Г. and Простокишин, В.М. and Тюфлин, С.А. and Проничев, А.Н. and Бухарова, Т.И. and Чистов, К.С. and Кашафутдинов, Р.З. and Хоркин, В.А.},
  Publisher                = {М.: НИЯУ МИФИ},
  Year                     = {2010},

  Owner                    = {ILYA},
  Timestamp                = {2014.06.16}
}

@Book{ClinicalECG93,
  Title                    = {Клиническая электрокардиография},
  Author                   = {Суворов, А.В.},
  Publisher                = {Изд-во НГМИ},
  Year                     = {1993},

  File                     = {:E\:\\Study\\6course\\NIR\\articles\\Medicine\\Клиническая электрокардиография  -    medknigi.blogspot.com   -.pdf:PDF},
  Owner                    = {ILYA},
  Timestamp                = {2014.06.16}
}

@Book{IntroWavelet03,
  Title                    = {Введение в вейвлет-преобразования},
  Author                   = {Яковлев, А.Н.},
  Publisher                = {Изд-во НГТУ},
  Year                     = {2003},

  File                     = {:E\:\\Study\\6course\\GOS\\nstu68.pdf:PDF},
  Owner                    = {ILYA},
  Timestamp                = {2014.06.16}
}

